<?xml version="1.0" encoding="UTF-8"?><collection xmlns="http://www.loc.gov/MARC21/slim"><record><leader>00643nam--2200193-u-4500</leader><controlfield tag="001">000054126</controlfield><controlfield tag="002">20161230</controlfield><controlfield tag="005">20161230201051</controlfield><controlfield tag="008">110803s1000------------r-----000-0-eng-d</controlfield><datafield ind1=" " ind2=" " tag="040"><subfield code="a">IFIN-HH</subfield></datafield><datafield ind1=" " ind2=" " tag="080"><subfield code="a">537.525+537.56</subfield></datafield><datafield ind1="1" ind2=" " tag="100"><subfield code="a">De Witt, C</subfield></datafield><datafield ind1="1" ind2="0" tag="245"><subfield code="a">La theorie des gaz neutres et ionises</subfield><subfield code="b">Le probleme des n corps a temperature non nulle universite de grenoble. ecole d'ete de physique theorique. les houches</subfield><subfield code="c">C. de witt, j.f. detoeuf (editeurs scientifiques)</subfield></datafield><datafield ind1=" " ind2=" " tag="260"><subfield code="a">Paris</subfield><subfield code="b">Hermann</subfield><subfield code="c">1960</subfield></datafield><datafield ind1=" " ind2=" " tag="300"><subfield code="a">469P</subfield></datafield><datafield ind1=" " ind2=" " tag="490"><subfield code="a">Les Houches</subfield></datafield><datafield ind1="1" ind2=" " tag="700"><subfield code="a">Detoeuf, J.F</subfield><subfield code="e">Ed</subfield></datafield><datafield ind1=" " ind2=" " tag="852"><subfield code="a">16444</subfield><subfield code="c">537.52</subfield></datafield><datafield ind1=" " ind2=" " tag="CAT"><subfield code="a">Sys</subfield><subfield code="c">20111010</subfield><subfield code="h">094400</subfield></datafield></record></collection>